@online{philips:developer,
author = {Koninklijke Philips Electronics N.V.},
title = {Philips hue API},
year = {2016},
url = {https://developers.meethue.com/philips-hue-api},
urldate = {2017-12-11}
}
